@article{elkan,
       author = {Charles Elkan},
       title = {Log-linear models and conditional random fields},
       month = {February},
       year = {2014},
       journal = {University of California, San Diego}
       }

@online{lcostFunction,
author = {Andrew Ng},
title = {Machine Learning},
year = {2010},
url ={http://openclassroom.stanford.edu/MainFolder/DocumentPage.php?course=MachineLearning&doc=exercises/ex5/ex5.html},
}
@online{guideSVC,
author = {Chih-Wei Hsu, Chih-Chung Chang and Chih-Jen Lin},
title = {A Practical Guide to Support Vector Classification},
year = {2010},
url = {http://www.csie.ntu.edu.tw/~cjlin/papers/guide/guide.pdf},
}

@article{ hyperParameter,
       author = "James Bergstra and Yoshua Bengio",
       title = "Random Search for Hyper-Parameter Optimization",
       journal = "Journal of Machine Learning Research",
       month = "December",
       year = "2012" }
       
@inproceedings{betterPunctuation,
 author = {Lu, Wei and Ng, Hwee Tou},
 title = {Better Punctuation Prediction with Dynamic Conditional Random Fields},
 booktitle = {Proceedings of the 2010 Conference on Empirical Methods in Natural Language Processing},
 series = {EMNLP '10},
 year = {2010},
 location = {Cambridge, Massachusetts},
 pages = {177--186},
 numpages = {10},
 url = {http://dl.acm.org/citation.cfm?id=1870658.1870676},
 acmid = {1870676},
 publisher = {Association for Computational Linguistics},
 address = {Stroudsburg, PA, USA},
} 
@inproceedings{shallowParsing,
 author = {Sha, Fei and Pereira, Fernando},
 title = {Shallow Parsing with Conditional Random Fields},
 booktitle = {Proceedings of the 2003 Conference of the North American Chapter of the Association for Computational Linguistics on Human Language Technology - Volume 1},
 series = {NAACL '03},
 year = {2003},
 location = {Edmonton, Canada},
 pages = {134--141},
 numpages = {8},
 url = {http://dx.doi.org/10.3115/1073445.1073473},
 doi = {10.3115/1073445.1073473},
 acmid = {1073473},
 publisher = {Association for Computational Linguistics},
 address = {Stroudsburg, PA, USA},
} 
       
@book{convexOptimization,
author = {Stephen Boyd and Lieven Vandenberghe},
title = {Convex Optimization},
edition = {7},
publisher = {Cambridge University Press},
location = {United Kingdom},
isbn = {978-0-521-83378-3},
pages = {86-88},
pagetotal = {2},
year = {2009},
url = {http://www.stanford.edu/class/ee364a/lectures/functions.pdf},
}
@book{ntkBook,
  abstract = {This book offers a highly accessible introduction to Natural Language Processing, the field that underpins a variety of language technologies ranging from predictive text and email filtering to automatic summarization and translation. Using NLTK, you'll learn how to write Python programs to analyze the structure and meaning of texts, drawing on techniques from the fields of linguistics and artificial intelligence.},
  added-at = {2012-05-30T10:43:08.000+0200},
  address = {Beijing},
  author = {Bird, Steven and Klein, Ewan and Loper, Edward},
  biburl = {http://www.bibsonomy.org/bibtex/2c90dc59441d01c8bef58a947274164d4/flint63},
  doi = {http://my.safaribooksonline.com/9780596516499},
  file = {O'Reilly Product page:http\://www.oreilly.com/catalog/9780596516499/:URL;Amazon Search inside:http\://www.amazon.de/gp/reader/0596516495/:URL;Google Books:http\://books.google.de/books?isbn=978-0-596-51649-9:URL;Related Web Site:http\://www.nltk.org/:URL},
  groups = {public},
  interhash = {5408d7da097b9cd81239c238da8bfaf4},
  intrahash = {c90dc59441d01c8bef58a947274164d4},
  isbn = {978-0-596-51649-9},
  keywords = {v1205 safari book ai software development language processing text python framework},
  publisher = {O'Reilly},
  timestamp = {2012-05-30T10:43:08.000+0200},
  title = {Natural Language Processing with Python: Analyzing Text with the Natural Language Toolkit},
  url = {http://www.nltk.org/book},
  username = {flint63},
  year = 2009
}
@inproceedings{crfMccallum,
 author = {Lafferty, John D. and McCallum, Andrew and Pereira, Fernando C. N.},
 title = {Conditional Random Fields: Probabilistic Models for Segmenting and Labeling Sequence Data},
 booktitle = {Proceedings of the Eighteenth International Conference on Machine Learning},
 series = {ICML '01},
 year = {2001},
 isbn = {1-55860-778-1},
 pages = {282--289},
 numpages = {8},
 url = {http://dl.acm.org/citation.cfm?id=645530.655813},
 acmid = {655813},
 publisher = {Morgan Kaufmann Publishers Inc.},
 address = {San Francisco, CA, USA},
} 
@article{crfmccallumTutorial,
  author = {Sutton, Charles and McCallum, Andrew},
  journal = {Foundations and Trends in Machine Learning},
  number = {4},
  pages = {267–373},
  title = {An Introduction to Conditional Random Fields},
  volume = {4},
  year = {2012}
}
@inproceedings{contrastiveDivergence,
title ={On Contrastive Divergence Learning},
pages = {33-40},
author = {Miguel \'A. Carreira-Perpi{\~n} and Geoffrey Hinton},
booktitle = {aistats05},
editor = {Robert G. Cowell and Zoubin Ghahramani},
year = {2005},
publisher = {Society for Artificial Intelligence and Statistics},
note = {(Available electronically at \mbox{http://www.gatsby.ucl.ac.uk/aistats/})}
}

%Project 3

@article{davidBlei_LDA,
  author    = {David M. Blei and
               Andrew Y. Ng and
               Michael I. Jordan},
  title     = {Latent Dirichlet Allocation},
  journal   = {Journal of Machine Learning Research},
  volume    = {3},
  year      = {2003},
  pages     = {993-1022},
  ee        = {http://www.jmlr.org/papers/v3/blei03a.html},
  bibsource = {DBLP, http://dblp.uni-trier.de}
}

@article{aldous,
  title={Exchangeability and related topics},
  author={Aldous, David},
  journal={{\'E}cole d'{\'E}t{\'e} de Probabilit{\'e}s de Saint-Flour XIIIâ1983},
  pages={1--198},
  year={1985},
  publisher={Springer}
}
@TECHREPORT{heinrich_estimation,
    author = {Gregor Heinrich},
    title = {Parameter estimation for text analysis},
    institution = {},
    year = {2004}
}
@inproceedings{theoretical_practical,
  title={A theoretical and practical implementation tutorial on topic modeling and gibbs sampling},
  author={Darling, William M},
  year={2011}
}

@inproceedings{fastLda_collapsedGibbs,
  title={Fast collapsed gibbs sampling for latent dirichlet allocation},
  author={Porteous, Ian and Newman, David and Ihler, Alexander and Asuncion, Arthur and Smyth, Padhraic and Welling, Max},
  booktitle={Proceedings of the 14th ACM SIGKDD international conference on Knowledge discovery and data mining},
  pages={569--577},
  year={2008},
  organization={ACM}
}
@article{PCA_tutorial,
  title={A tutorial on principal components analysis},
  author={Smith, Lindsay I},
  journal={Cornell University, USA},
  volume={51},
  pages={52},
  year={2002}
}

@inproceedings{heinrich_VI,
  title={Investigating word correlation at different scopes—a latent concept approach},
  author={Heinrich, Gregor and Kindermann, J{\"o}rg and Lauth, Codrina and Paa{\ss}, Gerhard and Sanchez-Monzon, Javier},
  booktitle={Workshop Lexical Ontology Learning at Int. Conf. Mach. Learning},
  year={2005}
}

@inproceedings{elkan2006clustering,
  title={Clustering documents with an exponential-family approximation of the Dirichlet compound multinomial distribution},
  author={Elkan, Charles},
  booktitle={Proceedings of the 23rd international conference on Machine learning},
  pages={289--296},
  year={2006},
  organization={ACM}
}
@article{elkanTopicModel,
       author = {Charles Elkan},
       title = {Text mining and topic models},
       month = {February},
       year = {2014},
       journal = {University of California, San Diego}
       }
@article{meilua2007comparing,
  title={Comparing clusterings—an information based distance},
  author={Meil{\u{a}}, Marina},
  journal={Journal of Multivariate Analysis},
  volume={98},
  number={5},
  pages={873--895},
  year={2007},
  publisher={Elsevier}
}